@book{williams2012c++,
      author        = "Williams, Anthony",
      title         = "{C++ concurrency in action: practical multithreading}",
      publisher     = "Manning Publ.",
      address       = "Shelter Island, NY",
      year          = "2012",
      url           = "https://cds.cern.ch/record/1483005",
}
@misc{PWhiddyN26:online,
      author = {Peter Whidden},
      title = {{PWhiddy/Nbody-Gravity: A small but powerful nbody gravity simulator with a built-in renderer}},
      howpublished = {\url{https://github.com/PWhiddy/Nbody-Gravity}},
      month = {},
      year = {},
      note = {(Accessed on 1/12/2018)}
}
@misc{SFML74:online,
      author = {Laurent Gomila},
      title = {{SFML}},
      howpublished = {\url{https://www.sfml-dev.org/}},
      month = {},
      year = {},
      note = {(Accessed on 2/12/2018)}
}
@book{Nguyen:2007,
 author = {Nguyen, Hubert},
 title = {Gpu Gems 3},
 year = {2007},
 isbn = {9780321545428},
 edition = {First},
 publisher = {Addison-Wesley Professional},
} 
@misc{nBodypdf73:online,
author = {University of Saskatchewan},
title = {{The n-body problem}},
howpublished = {\url{https://www.cs.usask.ca/~spiteri/CMPT851/notes/nBody.pdf}},
month = {},
year = {},
note = {(Accessed on 16/12/2018)}
}